@article{Hassanpour08,
  author = {Hassanpour, R. and Shahbahrami, A. and
            Wong, S.},
  title = {Adaptive Gaussian Mixture Model for Skin
           Color Segmentation},
  journal = {World Academy of Science,
             Engineering and Technology},
  year = {2008},
  volume = {41},
  pages = {1--6},
  month = may,
  doi = {10.1.1.159.104}
}
