@article{Schultz05,
	author = {Christian von Schultz},
	title = {Rekommendationer för {\LaTeX}-dokument},
	notes = {http://web.student.chalmers.se/~von/latex/rekommendationer.pdf},
	month = nov,
	year = {2005},
	url = {http://web.student.chalmers.se/~von/latex/rekommendationer.pdf}
}

@article{Voss10,
	author = {Herbert Voß},
	title = {Math mode},
	month = dec,
	year = {2010},
	url = {http://www.ctan.org/tex-archive/info/math/voss/mathmode/Mathmode.pdf}
}

@article{Oetiker11,
	author = {Tobias Oetiker and Hubert Partl and Irene Hyna and Elisabeth Schlegl},
	title = {The Not So Short Introduction to {\LaTeXe}},
	month = apr,
	year = {2011},
	url = {http://www.ctan.org/tex-archive/tex-archive/info/lshort/english/lshort.pdf}
}

@book{Dongen10,
	author = {M. R. C. van Dongen},
	title = {\LaTeX{} and Friends},
	year = {2010},
	url = {http://csweb.ucc.ie/~dongen/LaTeX-and-Friends.pdf}
}

@book{Abrahams03,
	author = {Paul W. Abrahams and Kathryn A. Hargreaves and Karl Berry},
	title = {\TeX{} for the Impatient},
	year = {2003},
	url = {http://www.ctan.org/tex-archive/info/impatient/book.pdf}
}

@book{Kopka03,
	author = {Helmut Kopka and Patrick W. Daly},
	title = {Guide to \LaTeX},
	edition = {4},
	publisher = {Addison-Wesley},
	address = {Reading, Massachusetts},
	year = {2003}
}

@book{Gratzer96,
	author = {George A. Grätzer},
	title = {Math into \LaTeX},
	publisher = {Birkhäuser},
	address = {Boston},
	year = {1996},
	url = {http://www.ctan.org/tex-archive/info/mil/mil.pdf}
}

@book{Mittelbach04,
	author = {Frank Mittelbach and Michel Goossens and Johannes Braams and David Carlisle and Chris Rowley},
	title = {The \LaTeX{} Companion},
	edition = {2},
	publisher = {Addison-Wesley},
	address = {Reading, Massachusetts},
	year = {2004}
}

@article{AMS99,
	author = {{American Mathematical Society}},
	title = {User's Guide for the \textsf{amsmath} Package},
	year = {1999},
	url = {ftp://ftp.ams.org/ams/doc/amsmath/amsldoc.pdf}
}

@article{Downes02,
	author = {Michael Downes},
	title = {Short Math Guide for \LaTeX},
	year = {2002},
	url = {ftp://ftp.ams.org/pub/tex/doc/amsmath/short-math-guide.pdf}
}

@book{Goossens07,
	author = {Michel Goossens and Frank Mittelbach and Sebastian Rahtz and Denis Roegel and Herbert Voss},
	title = {The \LaTeX{} Graphics Companion},
	edition = {2},
	publisher = {Addison-Wesley},
	address = {Reading, Massachusetts},
	year = {2007}
}

@book{Lamport94,
	author = {Leslie Lamport},
	title = {\LaTeX: A Document Preparation System},
	publisher = {Addison-Wesley},
	address = {Reading, Massachusetts},
	edition = {2},
	year = {1994}
}

@book{Knuth86,
	author = {Donald Knuth},
	title = {The \TeX{}book},
	publisher = {Addison-Wesley},
	address = {Reading, Massachusetts},
	year = {1986}
}

@book{Eijkhout92,
	author = {Victor Eijkhout},
	title = {\TeX{} by Topic},
	publisher = {Addison-Wesley},
	address = {Reading, Massachusetts},
	year = {1992},
	url = {http://eijkhout.net/texbytopic/texbytopic.html}
}

@article{Mertz07,
	author = {Andrew Mertz and William Slough},
	title = {Graphics with {Ti\emph{k}Z}},
	journal = {The Prac\TeX{} Journal},
	year = {2007},
	number = {1},
	url = {http://www.tug.org/pracjourn/2007-1/mertz/mertz.pdf}
}

@article{Fenn06,
	author = {Jürgen Fenn},
	title = {Managing Citations and Your Bibliography with \textsc{Bib}\TeX{}},
	journal = {The Prac\TeX{} Journal},
	year = {2006},
	number = {4},
	url = {http://www.tug.org/pracjourn/2006-4/fenn/fenn.pdf}
}

@article{Tantau10,
	author = {Till Tantau},
	title = {The {Ti\emph{k}Z} and {\textsc{PGF}} Packages},
	month = oct,
	year = {2010},
	url = {http://www.ctan.org/tex-archive/graphics/pgf/base/doc/generic/pgf/pgfmanual.pdf}
}

@article{Williams08,
	author = {Peter Williams and Thorsten Schnier},
	title = {The \textsf{Harvard} Family of Bibliography Styles},
	month = nov,
	year = {2008},
	url = {http://www.ctan.org/tex-archive/macros/latex/contrib/harvard/harvard.pdf}
}

@article{Wright11,
	author = {Joseph Wright},
	title = {\textsf{siunitx} — A comprehensive (SI) units package},
	month = jul,
	year = {2011},
	url = {http://www.ctan.org/tex-archive/macros/latex2e/exptl/siunitx/siunitx.pdf}
}

@article{Pakin09,
	author = {Scott Pakin},
	month = nov,
	year = {2009},
	title = {The Comprehensive \LaTeX{} Symbol List},
	url = {http://www.ctan.org/tex-archive/info/symbols/comprehensive/symbols-a4.pdf}
}

@article{Fenn07,
	author = {Jürgen Fenn and Mark Trettin},
	month = jun,
	year = {2007},
	title = {An essential guide to \LaTeXe{} usage},
	url = {http://www.ctan.org/tex-archive/info/l2tabu/english/l2tabuen.pdf}
}

@article{Fear05,
	author = {Simon Fear},
	title = {Publication quality tables in \LaTeX},
	month = apr,
	year = {2005},
	url = {http://www.ctan.org/tex-archive/macros/latex/contrib/booktabs/booktabs.pdf}
}

@article{Patashnik88a,
	author = {Oren Patashnik},
	title = {\textsc{Bib}\TeX{}ing},
	month = feb,
	year = {1988},
	url = {http://www.ctan.org/tex-archive/biblio/bibtex/base/btxdoc.pdf}
}

@article{Patashnik88b,
	author = {Oren Patashnik},
	title = {Designing \textsc{Bib}\TeX{} Styles},
	month = feb,
	year = {1988},
	url = {http://www.ctan.org/tex-archive/biblio/bibtex/contrib/doc/btxhak.pdf}
}

@phdthesis{Thanh00,
	title = {Micro-typographic extensions to the \TeX{} typesetting system},
	author = {Hàn Thế Thành},
	year = {2000},
	school = {Masaryk University},
	address = {Brno},
	REMnote = {Faculty of Informatics},
	month = oct,
	url = {http://www.pragma-ade.com/pdftex/thesis.pdf}
}

@book{LIU98,
	publisher = {{Linköpings Universitet}},
	address = {Linköping},
	author = {Karin Christoffersson and Malin Algotson and Kristina Edlind and Lars Holberg and Magnus Merkel and Karin Mårdsjö},
	title = {Språkguiden},
	year = {1998},
	url = {http://www.student.liu.se/service/sprakguide/1.265737/sprakguiden.pdf}
}

@article{ChsLib10,
	author = {{Chalmers Bibliotek}},
	title = {Referensguide},
	month = dec,
	year = {2010},
	url = {http://www.lib.chalmers.se/education/guides/references/}
}

@book{Chicago10,
	author = {{Chicago Editorial Staff}},
	title = {The Chicago Manual of Style},
	publisher = {University of Chicago Press},
	address = {Chicago},
	edition = {16},
	year = {2010}
}